%% This BibTeX bibliography file was created using BibDesk.
%% http://bibdesk.sourceforge.net/


%% Created for Yan Zhao at 2009-10-18 17:17:27 +0200 


%% Saved with string encoding Unicode (UTF-8) 



@webpage{QuickStart,
	Date-Added = {2009-10-18 13:28:53 +0200},
	Date-Modified = {2009-10-18 13:29:08 +0200},
	Url = {http://www.math.umbc.edu/~rouben/beamer/quickstart.html}}

@webpage{MacFont,
	Date-Added = {2009-10-18 13:02:02 +0200},
	Date-Modified = {2009-10-18 13:02:23 +0200},
	Url = {http://yanzhao74.blogspot.com/2009/10/mactex-tex-ctex-powered-by-discuz.html}}

@webpage{WinedtTip,
	Date-Added = {2009-10-18 12:25:21 +0200},
	Date-Modified = {2009-10-18 12:48:40 +0200},
	Url = {http://yanzhao74.blogspot.com/2009/10/40-winedt.html},
	Bdsk-Url-1 = {http://yanzhao74.blogspot.com/2009/10/40-winedt.html}}

@book{Guide,
	Altauthor = {Helmut Kopka and Patrick W. Daly},
	Alteditor = {Frank Mittelbach},
	Publisher = {Addison wesley},
	Title = {Guide to Latex},
	Year = {2004}}

@book{Kile,
	Altauthor = {Kile},
	Alteditor = {Kile},
	Publisher = {kile},
	Title = {The Kile Handbook},
	Year = {2004}}

@book{Companion,
	Altauthor = {Frank Mittelbach and Michel Goossens},
	Alteditor = {Frank Mittelbach},
	Publisher = {Addison wesley},
	Title = {The Latex Companion},
	Year = {2004}}
